% Bibliografía

% Este fichero contiene la bibliografía de la memoria
% Está en un formato que se conoce como BibTex.
% Hay muchos sitios web que exportan referencias en formato BibTeX. 
% Prueba a buscar en http://scholar.google.com por referencias
% y verás que lo puedes hacer de manera sencilla.
% Más información: 
% http://texblog.org/2014/04/22/using-google-scholar-to-download-bibtex-citations/

% Existen varias posibilidades para referenciar diferentes tipos de documentos,
% ya que los datos necesarios varían. Así, existen formatos de entrada para
%     * libros (book)
%     * artículos en revistas de investigación (article)
%     * capítulos de libro (incollection)
%     * informes técnicos (techreport)
%     * otros (misc)
%
% Las páginas web deberían ir como misc.


%ARTICLE

@Article{wing:_ct,
 author = {Jeannette M. Wing},
 title = {Computational Thinking},
 journal = {Communications of the ACM},
 volume = 49,
 number = 3,
 year = 2006,
 pages = {33-35}
}

@Article{zhang:_badsmells,
 author = {Min Zhang and Tracy Hall and Nathan Baddoo},
 title = {Code Bad Smells: A review of current knowledge},
 journal = {Journal of Software Maintenance and Evolution Research and Practice},
 volume = 23,
 number = 3,
 year = 2011,
 pages = {179-202}
}

@Article{felienne:_hamper,
 author = {Felienne Hermans and Efthimia Aivaloglou},
 title = {Do code smells hamper novice programming? A controlled experiment on Scratch programs},
 journal = {2016 IEEE 24th International Conference on Program Comprehension (ICPC)},
 volume = {},
 year = 2016,
 pages = {1-10}
}




%MISC

@misc{mangifesta:_importancia,
    author = {Laura Mangifesta and Ivana Feldfeber},
    title = {La importancia de enseñar programación en la escuela},
    month = apr,
    year = 2019,
    note = {\\ https://medium.com/proyecto-mumuki/la-importancia-de-ense\~nar-programación-en-la-escuela-54f8dbb288fd}
}


%BOOK

@Book{martin:_clean,
  author = 	 {Robert C. Martin},
  title = 	 {Clean Code: A Handbook of Agile Software Craftsmanship},
  publisher = 	 {Pearson Education},
  year = 	 2009
}

%COLLECTION

@InCollection{GBarahona04:_debian,
   author =       {Hermans, Felienne and Aivaloglou, Efthimia},
   title =        {Do code smells hamper novice programming? A controlled experiment on Scratch programs},
   pages =        {1-10},
   editor =       {IEE},
   publisher =    {2016 IEEE 24th International Conference on Program Comprehension (ICPC)},
   address =      {Austin, TX, USA},
   year =         {2016},
}

%TECH_REPORT

@TechReport{ghosh02:_developer_survey,
  author = 	 {Rishab Aiyer Ghosh and Ruediger Glott and Bernhard Krieger and Gregorio Robles},
  title = 	 {Survey of Developers (Free/Libre and Open Source Software: Survey and Study)},
  institution =  {International Institute of Infonomics. University of Maastricht},
  year = 	 2002,
  address =	 {The Netherlands},
  month =	 jun,
  note =	 {\\ http://www.infonomics.nl/FLOSS/report}
}



